@Manual{base,
  title = {R: A Language and Environment for Statistical Computing},
  author = {{R Core Team}},
  organization = {R Foundation for Statistical Computing},
  address = {Vienna, Austria},
  year = {2020},
  url = {https://www.R-project.org/},
}
@Article{BIOMASS,
  title = {BIOMASS : an {R} package for estimating above-ground biomass and its uncertainty in tropical forests},
  volume = {8},
  issn = {2041210X},
  url = {http://doi.wiley.com/10.1111/2041-210X.12753},
  doi = {10.1111/2041-210X.12753},
  language = {en},
  number = {9},
  urldate = {2018-12-13},
  journal = {Methods in Ecology and Evolution},
  author = {Maxime Rejou-Mechain and Ariane Tanguy and Camille Piponiot and Jerome Chave and Bruno Herault},
  editor = {Sarah Goslee},
  year = {2017},
}
@Manual{biostat,
  title = {biostat: Routines for Basic (Bio)Statistics},
  author = {Vilmantas Gegzna},
  year = {2020},
  note = {https://gegznav.github.io/biostat/,
https://github.com/gegznav/biostat/},
}
@Manual{broom,
  title = {broom: Convert Statistical Objects into Tidy Tibbles},
  author = {David Robinson and Alex Hayes and Simon Couch},
  year = {2020},
  note = {R package version 0.7.0},
  url = {https://CRAN.R-project.org/package=broom},
}
@Manual{cowplot,
  title = {cowplot: Streamlined Plot Theme and Plot Annotations for 'ggplot2'},
  author = {Claus O. Wilke},
  year = {2019},
  note = {R package version 1.0.0},
  url = {https://CRAN.R-project.org/package=cowplot},
}
@Manual{dplyr,
  title = {dplyr: A Grammar of Data Manipulation},
  author = {Hadley Wickham and Romain François and Lionel {
             Henry} and Kirill Müller},
  year = {2020},
  note = {R package version 1.0.2},
  url = {https://CRAN.R-project.org/package=dplyr},
}
@Manual{finch,
  title = {finch: Parse Darwin Core Files},
  author = {Scott Chamberlain},
  year = {2019},
  note = {R package version 0.3.0},
  url = {https://CRAN.R-project.org/package=finch},
}
@Manual{flextable,
  title = {flextable: Functions for Tabular Reporting},
  author = {David Gohel},
  year = {2020},
  note = {R package version 0.5.10},
  url = {https://CRAN.R-project.org/package=flextable},
}
@Manual{ggpubr,
  title = {ggpubr: 'ggplot2' Based Publication Ready Plots},
  author = {Alboukadel Kassambara},
  year = {2020},
  note = {R package version 0.4.0},
  url = {https://CRAN.R-project.org/package=ggpubr},
}
@Manual{ggrepel,
  title = {ggrepel: Automatically Position Non-Overlapping Text Labels with
'ggplot2'},
  author = {Kamil Slowikowski},
  year = {2020},
  note = {R package version 0.9.0},
  url = {https://github.com/slowkow/ggrepel},
}
@Manual{ggspatial,
  title = {ggspatial: Spatial Data Framework for ggplot2},
  author = {Dewey Dunnington},
  year = {2020},
  note = {R package version 1.1.3},
  url = {https://CRAN.R-project.org/package=ggspatial},
}
@Manual{gridExtra,
  title = {gridExtra: Miscellaneous Functions for "Grid" Graphics},
  author = {Baptiste Auguie},
  year = {2017},
  note = {R package version 2.3},
  url = {https://CRAN.R-project.org/package=gridExtra},
}
@Manual{gtsummary,
  title = {gtsummary: Presentation-Ready Data Summary and Analytic Result Tables},
  author = {Daniel D. Sjoberg and Margie Hannum and Karissa Whiting and Emily C. Zabor},
  year = {2020},
  note = {R package version 1.3.2},
  url = {https://CRAN.R-project.org/package=gtsummary},
}
@Manual{here,
  title = {here: A Simpler Way to Find Your Files},
  author = {Kirill Müller},
  year = {2017},
  note = {R package version 0.1},
  url = {https://CRAN.R-project.org/package=here},
}
@Manual{knitr,
  title = {knitr: A General-Purpose Package for Dynamic Report Generation in R},
  author = {Yihui Xie},
  year = {2020},
  note = {R package version 1.30},
  url = {https://yihui.org/knitr/},
}

@Book{knitr,
  title = {Dynamic Documents with {R} and knitr},
  author = {Yihui Xie},
  publisher = {Chapman and Hall/CRC},
  address = {Boca Raton, Florida},
  year = {2015},
  edition = {2nd},
  note = {ISBN 978-1498716963},
  url = {https://yihui.org/knitr/},
}

@InCollection{knitr,
  booktitle = {Implementing Reproducible Computational Research},
  editor = {Victoria Stodden and Friedrich Leisch and Roger D. Peng},
  title = {knitr: A Comprehensive Tool for Reproducible Research in {R}},
  author = {Yihui Xie},
  publisher = {Chapman and Hall/CRC},
  year = {2014},
  note = {ISBN 978-1466561595},
  url = {http://www.crcpress.com/product/isbn/9781466561595},
}
@Manual{magrittr,
  title = {magrittr: A Forward-Pipe Operator for R},
  author = {Stefan Milton Bache and Hadley Wickham},
  year = {2014},
  note = {R package version 1.5},
  url = {https://CRAN.R-project.org/package=magrittr},
}
@Manual{mapview,
  title = {mapview: Interactive Viewing of Spatial Data in R},
  author = {Tim Appelhans and Florian Detsch and Christoph Reudenbach and Stefan Woellauer},
  year = {2020},
  note = {R package version 2.7.8},
  url = {https://CRAN.R-project.org/package=mapview},
}
@Article{nlstools,
  title = {A Toolbox for Nonlinear Regression in {R}: The Package {nlstools}},
  author = {Florent Baty and Christian Ritz and Sandrine Charles and Martin Brutsche and Jean-Pierre Flandrois and Marie-Laure Delignette-Muller},
  journal = {Journal of Statistical Software},
  year = {2015},
  volume = {66},
  number = {5},
  pages = {1--21},
  url = {http://www.jstatsoft.org/v66/i05/},
}
@Manual{patchwork,
  title = {patchwork: The Composer of Plots},
  author = {Thomas Lin Pedersen},
  year = {2020},
  note = {R package version 1.0.1},
  url = {https://CRAN.R-project.org/package=patchwork},
}
@Manual{purrr,
  title = {purrr: Functional Programming Tools},
  author = {Lionel Henry and Hadley Wickham},
  year = {2020},
  note = {R package version 0.3.4},
  url = {https://CRAN.R-project.org/package=purrr},
}
@Manual{raster,
  title = {raster: Geographic Data Analysis and Modeling},
  author = {Robert J. Hijmans},
  year = {2020},
  note = {R package version 3.3-13},
  url = {https://CRAN.R-project.org/package=raster},
}
@Manual{rasterVis,
  title = {{rasterVis}},
  author = {Oscar Perpi{\~n}{\'a}n and Robert Hijmans},
  year = {2020},
  url = {http://oscarperpinan.github.io/rastervis/},
  note = {R package version 0.48},
}
@Manual{RColorBrewer,
  title = {RColorBrewer: ColorBrewer Palettes},
  author = {Erich Neuwirth},
  year = {2014},
  note = {R package version 1.1-2},
  url = {https://CRAN.R-project.org/package=RColorBrewer},
}
@Manual{readODS,
  title = {readODS: Read and Write ODS Files},
  author = {Gerrit-Jan Schutten and Chung-hong Chan and Thomas J. Leeper and other contributors},
  year = {2018},
  note = {R package version 1.6.7},
  url = {https://CRAN.R-project.org/package=readODS},
}
@Manual{readxl,
  title = {readxl: Read Excel Files},
  author = {Hadley Wickham and Jennifer Bryan},
  year = {2019},
  note = {R package version 1.3.1},
  url = {https://CRAN.R-project.org/package=readxl},
}
@Manual{rgbif,
  title = {rgbif: Interface to the Global Biodiversity Information Facility API},
  author = {Scott Chamberlain and Vijay Barve and Dan Mcglinn and Damiano Oldoni and Peter Desmet and Laurens Geffert and Karthik Ram},
  year = {2020},
  note = {R package version 3.3.0},
  url = {https://CRAN.R-project.org/package=rgbif},
}

@Article{rgbif,
  title = {R Python, and Ruby clients for GBIF species occurrence data},
  author = {Scott Chamberlain and Carl Boettiger},
  journal = {PeerJ PrePrints},
  year = {2017},
  publisher = {PeerJ, Inc.},
  url = {https://doi.org/10.7287/peerj.preprints.3304v1},
}
@Manual{rgdal,
  title = {rgdal: Bindings for the 'Geospatial' Data Abstraction Library},
  author = {Roger Bivand and Tim Keitt and Barry Rowlingson},
  year = {2020},
  note = {R package version 1.5-12},
  url = {https://CRAN.R-project.org/package=rgdal},
}
@Manual{scico,
  title = {scico: Colour Palettes Based on the Scientific Colour-Maps},
  author = {Thomas Lin Pedersen and Fabio Crameri},
  year = {2020},
  note = {R package version 1.2.0},
  url = {https://CRAN.R-project.org/package=scico},
}
@Article{sf,
  author = {Edzer Pebesma},
  title = {{Simple Features for R: Standardized Support for Spatial Vector Data}},
  year = {2018},
  journal = {{The R Journal}},
  doi = {10.32614/RJ-2018-009},
  url = {https://doi.org/10.32614/RJ-2018-009},
  pages = {439--446},
  volume = {10},
  number = {1},
}
@Article{sp,
  author = {Edzer J. Pebesma and Roger S. Bivand},
  title = {Classes and methods for spatial data in {R}},
  journal = {R News},
  year = {2005},
  volume = {5},
  number = {2},
  pages = {9--13},
  month = {November},
  url = {https://CRAN.R-project.org/doc/Rnews/},
}

@Book{sp,
  author = {Roger S. Bivand and Edzer Pebesma and Virgilio Gomez-Rubio},
  title = {Applied spatial data analysis with {R}, Second edition},
  year = {2013},
  publisher = {Springer, NY},
  url = {https://asdar-book.org/},
}
@Manual{stringr,
  title = {stringr: Simple, Consistent Wrappers for Common String Operations},
  author = {Hadley Wickham},
  year = {2019},
  note = {R package version 1.4.0},
  url = {https://CRAN.R-project.org/package=stringr},
}
@Manual{tidylog,
  title = {tidylog: Logging for 'dplyr' and 'tidyr' Functions},
  author = {Benjamin Elbers},
  year = {2020},
  note = {R package version 1.0.1},
  url = {https://CRAN.R-project.org/package=tidylog},
}
@Article{tidyverse,
  title = {Welcome to the {tidyverse}},
  author = {Hadley Wickham and Mara Averick and Jennifer Bryan and Winston Chang and Lucy D'Agostino McGowan and Romain François and Garrett Grolemund and Alex Hayes and Lionel Henry and Jim Hester and Max Kuhn and Thomas Lin Pedersen and Evan Miller and Stephan Milton Bache and Kirill Müller and Jeroen Ooms and David Robinson and Dana Paige Seidel and Vitalie Spinu and Kohske Takahashi and Davis Vaughan and Claus Wilke and Kara Woo and Hiroaki Yutani},
  year = {2019},
  journal = {Journal of Open Source Software},
  volume = {4},
  number = {43},
  pages = {1686},
  doi = {10.21105/joss.01686},
}
@Manual{viridisLite,
  title = {viridisLite: Default Color Maps from 'matplotlib' (Lite Version)},
  author = {Simon Garnier},
  year = {2018},
  note = {R package version 0.3.0},
  url = {https://CRAN.R-project.org/package=viridisLite},
}
